@INPROCEEDINGS{Ghribi,
author={C. Ghribi and M. Hadji and D. Zeghlache},
booktitle={2013 13th IEEE/ACM International Symposium on Cluster, Cloud, and Grid Computing},
title={Energy Efficient VM Scheduling for Cloud Data Centers: Exact Allocation and Migration Algorithms},
year={2013},
volume={},
number={},
pages={671-678},
keywords={bin packing;cloud computing;computer centres;energy conservation;energy consumption;integer programming;linear programming;power aware computing;scheduling;virtual machines;VM migration;VM scheduling;bin packing problem;cloud data center;consolidation algorithm;energy aware allocation modeling;energy consumption;energy efficient scheduling;exact allocation algorithm;integer formulation;linear formulation;optimal allocation algorithm;virtual machine;Energy consumption;Heuristic algorithms;Linear programming;Power demand;Resource management;Scheduling;Servers;Cloud data center;Energy efficiency;Linear integer programming;VM migration;VM placement},
doi={10.1109/CCGrid.2013.89},
ISSN={},
month={May},}

@techreport{NIST:2011,
     author = {Mell, Peter M. and Grance, Timothy},
      title = {SP 800-145. The NIST Definition of Cloud Computing},
       year = {2011},
        publisher = {National Institute of Standards \& Technology},
         address = {Gaithersburg, MD, United States},
}

@techreport{Koomey,
     author = {J. Koomey},
      title = {Estimating total power consumption by servers in the US and the world, Final report},
       year = {2007}
}

J. Koomey, 
"Estimating 
total power 
consumption 
by servers in the US 
and the world," 
Final 
report. 
February, 
vol. 15, 2007.}

@INPROCEEDINGS{bli:2009,
author={B. Li and J. Li and J. Huai and T. Wo and Q. Li and L. Zhong},
booktitle={2009 IEEE International Conference on Cloud Computing},
title={EnaCloud: An Energy-Saving Application Live Placement Approach for Cloud Computing Environments},
year={2009},
volume={},
number={},
pages={17-24},
keywords={Internet;power aware computing;scheduling;virtual machines;EnaCloud;Internet;bin packing problem;cloud computing;energy consumption;energy-aware heuristic algorithm;energy-saving application live placement approach;over-provision approach;scheduling;virtual machine;Application software;Cloud computing;Energy consumption;Energy efficiency;Heuristic algorithms;Large-scale systems;Processor scheduling;Virtual machining;Virtual manufacturing;Voltage;Application Placement;Cloud Computing;Energy Saving;Live Migration;Virtual Machine},
doi={10.1109/CLOUD.2009.72},
ISSN={2159-6182},
month={Sept},}

@INPROCEEDINGS{6848112,
author={D. Li and Y. Shang and C. Chen},
booktitle={IEEE INFOCOM 2014 - IEEE Conference on Computer Communications},
title={Software defined green data center network with exclusive routing},
year={2014},
volume={},
number={},
pages={1743-1751},
keywords={cloud computing;computer centres;computer networks;green computing;power aware computing;power consumption;scheduling;telecommunication network routing;EXR;FSR;SDN technique;carbon footprint;cloud services;energy-aware flow scheduling algorithms;exclusive routing;fair-sharing routing;power consumption;richly-connected topologies;software defined green data center network;sustainable growth;Bandwidth;Control systems;Energy consumption;Network topology;Ports (Computers);Routing;Servers},
doi={10.1109/INFOCOM.2014.6848112},
ISSN={0743-166X},
month={April},}

@INPROCEEDINGS{Gregor, 
author={G. von Laszewski and L. Wang and A. J. Younge and X. He}, 
booktitle={2009 IEEE International Conference on Cluster Computing and Workshops}, 
title={Power-aware scheduling of virtual machines in DVFS-enabled clusters}, 
year={2009}, 
volume={}, 
number={}, 
pages={1-10}, 
keywords={microprocessor chips;power aware computing;processor scheduling;supervisory programs;virtual machines;workstation clusters;cloud computing;computer cluster;dynamic voltage frequency scaling;global warming;green computing;high-end computing;multicore cluster;power-aware scheduling;virtual machine;Algorithm design and analysis;Cloud computing;Dynamic voltage scaling;Energy consumption;High performance computing;Job shop scheduling;Large-scale systems;Processor scheduling;Scheduling algorithm;Virtual machining;Cluster Computing;Dynamic Voltage and Frequency Scaling;Scheduling;Virtual machine}, 
doi={10.1109/CLUSTR.2009.5289182}, 
ISSN={1552-5244}, 
month={Aug},}

@INPROCEEDINGS{Dzmitry, 
author={D. Kliazovich and P. Bouvry and Y. Audzevich and S. U. Khan}, 
booktitle={2010 IEEE Global Telecommunications Conference GLOBECOM 2010}, 
title={GreenCloud: A Packet-Level Simulator of Energy-Aware Cloud Computing Data Centers}, 
year={2010}, 
volume={}, 
number={}, 
pages={1-5}, 
keywords={Internet;computer centres;energy conservation;power aware computing;GreenCloud;data center operational costs;energy-aware cloud computing data centers;frequency scaling;packet-level communication patterns;packet-level simulator;power management schema;voltage scaling;workload distribution;Computational modeling;Computer architecture;Data models;Green products;Optical switches;Power demand;Servers}, 
doi={10.1109/GLOCOM.2010.5683561}, 
ISSN={1930-529X}, 
month={Dec},}

@INPROCEEDINGS{Andrew, 
author={A. J. Younge and G. von Laszewski and L. Wang and S. Lopez-Alarcon and W. Carithers}, 
booktitle={International Conference on Green Computing}, 
title={Efficient resource management for Cloud computing environments}, 
year={2010}, 
volume={}, 
number={}, 
pages={357-364}, 
keywords={distributed processing;environmental factors;power aware computing;resource allocation;software architecture;virtual machines;cloud computing architecture;data center;distributed system;green computing;live migration;power-aware scheduling technique;variable resource management;virtual machine design;Hardware;Virtual machining;Cloud Computing;Green Computing;Scheduling;Virtualization},
doi={10.1109/GREENCOMP.2010.5598294}, 
ISSN={}, 
month={Aug},}

@INPROCEEDINGS{Farhad, 
author={F. Ahamed and S. Shahrestani and B. Javadi}, 
booktitle={2016 IEEE Trustcom/BigDataSE/ISPA}, 
title={Security Aware and Energy-Efficient Virtual Machine Consolidation in Cloud Computing Systems}, 
year={2016}, 
volume={}, 
number={}, 
pages={1516-1523}, 
keywords={cloud computing;computer centres;power aware computing;security of data;virtual machines;VM consolidation;active physical machine minimization;cloud computing systems;cloud service providers;compartment isolation technique;data centers;security aware-energy-efficient virtual machine consolidation;security risk reduction;security-based placement algorithm;security-based selection algorithm;system security improvement;Algorithm design and analysis;Cloud computing;Computational modeling;Heuristic algorithms;Malware;Security;Servers;Cloud computing security;VM consolidation;VM security;VM security measurement}, 
doi={10.1109/TrustCom.2016.0236}, 
ISSN={}, 
month={Aug},}

@ARTICLE{Beloglazov,
author={A. Beloglazov and R. Buyya},
journal={IEEE Transactions on Parallel and Distributed Systems},
title={Managing Overloaded Hosts for Dynamic Consolidation of Virtual Machines in Cloud Data Centers under Quality of Service Constraints},
year={2013},
volume={24},
number={7},
pages={1366-1379},
keywords={Markov processes;benchmark testing;cloud computing;computer centres;file servers;performance evaluation;power aware computing;quality of service;statistical analysis;virtual machines;Markov chain model;PlanetLab VMs;QoS goal;VM reallocation;benchmark algorithm;cloud data centers;dynamic VM consolidation;energy efficiency;host overload detection;mean intermigration time;multisize sliding window workload estimation technique;optimal offline algorithm;overloaded host management;performance degradation;quality of service constraints;resource shortages;resource utilization;server overloads;statistical analysis;unknown nonstationary workloads;virtual machines;Approximation algorithms;Detection algorithms;Heuristic algorithms;Measurement;Quality of service;Resource management;Servers;Distributed systems;cloud computing;dynamic consolidation;energy efficiency;host overload detection;virtualization},
doi={10.1109/TPDS.2012.240},
ISSN={1045-9219},
month={July},}

@article{beloglazov2012optimal,
  title={Optimal online deterministic algorithms and adaptive heuristics for energy and performance efficient dynamic consolidation of virtual machines in cloud data centers},
  author={Beloglazov, Anton and Buyya, Rajkumar},
  journal={Concurrency and Computation: Practice and Experience},
  volume={24},
  number={13},
  pages={1397--1420},
  year={2012},
  publisher={Wiley Online Library}
}
